@misc{passani,
	author = {Luca Passani},
	title = {Global Authoring Practices for the Mobile Web},
	year = {2009},
	note = {\url{http://www.passani.it/gap/}}
}

@misc{ptacek,
	author = {Thomas Ptacek},
	title = {Enough With The Rainbow Tables: What You Need To Know About Secure Password Schemes},
	year = {2007},
	note = {\url{http://www.matasano.com/log/958/}}
}

@misc{oma:standard,
	author = {Open Mobile Alliance},
	title = {XHTML Mobile Profile},
	year = {2001},
	note = {\url{http://www.openmobilealliance.org/tech/affiliates/wap/wap-277-xhtmlmp-20011029-a.pdf}}
}

@book{w3c:recommendations,
	author = {World Wide Web Consortium},
	title = {XHTML 1.1 -- Module-based XHTML (Working Draft)},
	edition = 2,
	year = {2007},
	publisher = {World Wide Web Consortium},
	note = {\url{http://www.w3.org/TR/xhtml11/}}
}